<?xml version="1.0" encoding="UTF-8"?><record xmlns="http://www.loc.gov/MARC21/slim" xmlns:cinclude="http://apache.org/cocoon/include/1.0" xmlns:zs="http://www.loc.gov/zing/srw/">
  <leader>00349nz  a2200133n  4500</leader>
  <controlfield tag="001">no2008120116</controlfield>
  <controlfield tag="003">DLC</controlfield>
  <controlfield tag="005">20080821081523.0</controlfield>
  <controlfield tag="008">080819n| acannaabn          |n ana     c</controlfield>
  <datafield tag="010" ind1=" " ind2=" ">
    <subfield code="a">no2008120116</subfield>
  </datafield>
  <datafield tag="035" ind1=" " ind2=" ">
    <subfield code="a">(OCoLC)oca07853962</subfield>
  </datafield>
  <datafield tag="040" ind1=" " ind2=" ">
    <subfield code="a">PaPiCLS</subfield>
    <subfield code="b">eng</subfield>
    <subfield code="c">PaPiCLS</subfield>
  </datafield>
  <datafield tag="110" ind1="2" ind2=" ">
    <subfield code="a">Hail Bop Singers</subfield>
  </datafield>
  <datafield tag="670" ind1=" " ind2=" ">
    <subfield code="a">Hail Bop! [VR] 2006:</subfield>
    <subfield code="b">credits (Hail Bop Singers)</subfield>
  </datafield>
</record>